@book{darwin1869origin,
  title={The origin of species},
  author={Darwin, C. and Beer, G.},
  year={1869}
}

@article{mendel1865experiments,
  title={Experiments in plant hybridization},
  author={Mendel, G.},
  year={1865}
}

@article{Sanger1975441,
title = "A rapid method for determining sequences in DNA by primed synthesis with DNA polymerase",
journal = "Journal of Molecular Biology",
volume = "94",
number = "3",
pages = "441 - 448",
year = "1975",
note = "",
issn = "0022-2836",
doi = "10.1016/0022-2836(75)90213-2",
url = "http://www.sciencedirect.com/science/article/pii/0022283675902132",
author = "F. Sanger and A.R. Coulson"
}

@article{sanger1977dna,
  title={DNA sequencing with chain-terminating inhibitors},
  author={Sanger, F. and Nicklen, S. and Coulson, A.R.},
  journal={Proceedings of the National Academy of Sciences},
  volume={74},
  number={12},
  pages={5463--5467},
  year={1977},
  publisher={National Acad Sciences}
}

@article{sanger1978nucleotide,
  title={The nucleotide sequence of bacteriophage $\varphi$X174},
  author={Sanger, F. and Coulson, AR and Friedmann, T. and Air, GM and Barrell, BG and Brown, NL and Fiddes, JC and Hutchison, CA and Slocombe, PM and Smith, M.},
  journal={Journal of molecular biology},
  volume={125},
  number={2},
  pages={225--246},
  year={1978},
  publisher={Elsevier}
}

@article{fleischmann1995whole,
  title={Whole-genome random sequencing and assembly of Haemophilus},
  author={Fleischmann, RD and Adams, MD and White, O. and Clayton, RA and Tatusov, RL and Mushegian, AR and Bork, P. and Brown, NP and Hayes, WS and White, O. and others},
  journal={Science},
  volume={269},
  number={5223},
  pages={496--512},
  year={1995}
}

@article{goffeau1996life,
  title={Life with 6000 genes},
  author={Goffeau, A. and Barrell, BG and Bussey, H. and Davis, RW and Dujon, B. and Feldmann, H. and Galibert, F. and Hoheisel, JD and Jacq, C. and Johnston, M. and others},
  journal={Science},
  volume={274},
  number={5287},
  pages={546--567},
  year={1996},
  publisher={New York,, NY}
}

@article{caenorhabditis1998genome,
  title={Genome sequence of the nematode C. elegans: a platform for investigating biology},
  author={Caenorhabditis elegans Sequencing Consortium and others},
  journal={Science},
  volume={282},
  number={2012},
  pages={2018},
  year={1998}
}

@article{adams2000genome,
  title={The genome sequence of Drosophila melanogaster},
  author={Adams, M.D. and Celniker, S.E. and Holt, R.A. and Evans, C.A. and Gocayne, J.D. and Amanatides, P.G. and Scherer, S.E. and Li, P.W. and Hoskins, R.A. and Galle, R.F. and others},
  journal={Science},
  volume={287},
  number={5461},
  pages={2185--2195},
  year={2000},
  publisher={American Association for the Advancement of Science}
}

@article{lander2001initial,
  title={Initial sequencing and analysis of the human genome},
  author={Lander, E.S. and Linton, L.M. and Birren, B. and Nusbaum, C. and Zody, M.C. and Baldwin, J. and Devon, K. and Dewar, K. and Doyle, M. and FitzHugh, W. and others},
  journal={Nature},
  volume={409},
  number={6822},
  pages={860--921},
  year={2001},
  publisher={Nature Publishing Group}
}

@article{venter2001sequence,
  title={The sequence of the human genome},
  author={Venter, J.C. and Adams, M.D. and Myers, E.W. and Li, P.W. and Mural, R.J. and Sutton, G.G. and Smith, H.O. and Yandell, M. and Evans, C.A. and Holt, R.A. and others},
  journal={Science Signalling},
  volume={291},
  number={5507},
  pages={1304},
  year={2001},
  publisher={AAAS}
}

@online{electropherogram,
	title = {http://www.nature.com},
 	year = 2006
}

@article{ewing1998base,
  title={Base-calling of automated sequencer traces usingPhred. I. Accuracy assessment},
  author={Ewing, B. and Hillier, L.D. and Wendl, M.C. and Green, P.},
  journal={Genome research},
  volume={8},
  number={3},
  pages={175--185},
  year={1998},
  publisher={Cold Spring Harbor Lab}
}

@article{ewing1998base2,
  title={Base-calling of automated sequencer traces usingPhred. II. error probabilities},
  author={Ewing, B. and Green, P.},
  journal={Genome research},
  volume={8},
  number={3},
  pages={186--194},
  year={1998},
  publisher={Cold Spring Harbor Lab}
}

@article{cock2010sanger,
  title={The Sanger FASTQ file format for sequences with quality scores, and the Solexa/Illumina FASTQ variants},
  author={Cock, P.J.A. and Fields, C.J. and Goto, N. and Heuer, M.L. and Rice, P.M.},
  journal={Nucleic acids research},
  volume={38},
  number={6},
  pages={1767--1771},
  year={2010},
  publisher={Oxford Univ Press}
}

@article{compeau2011apply,
  title={How to apply de Bruijn graphs to genome assembly},
  author={Compeau, P.E.C. and Pevzner, P.A. and Tesler, G.},
  journal={Nature biotechnology},
  volume={29},
  number={11},
  pages={987--991},
  year={2011},
  publisher={Nature Publishing Group}
}

@article{myers2000whole,
  title={A whole-genome assembly of Drosophila},
  author={Myers, E.W. and Sutton, G.G. and Delcher, A.L. and Dew, I.M. and Fasulo, D.P. and Flanigan, M.J. and Kravitz, S.A. and Mobarry, C.M. and Reinert, K.H.J. and Remington, K.A. and others},
  journal={Science},
  volume={287},
  number={5461},
  pages={2196--2204},
  year={2000},
  publisher={American Association for the Advancement of Science}
}

@article{batzoglou2002arachne,
  title={ARACHNE: a whole-genome shotgun assembler},
  author={Batzoglou, S. and Jaffe, D.B. and Stanley, K. and Butler, J. and Gnerre, S. and Mauceli, E. and Berger, B. and Mesirov, J.P. and Lander, E.S.},
  journal={Genome research},
  volume={12},
  number={1},
  pages={177--189},
  year={2002},
  publisher={Cold Spring Harbor Lab}
}

@article{hyatt2010prodigal,
  title={Prodigal: prokaryotic gene recognition and translation initiation site identification},
  author={Hyatt, D. and Chen, G.L. and LoCascio, P.F. and Land, M.L. and Larimer, F.W. and Hauser, L.J.},
  journal={BMC bioinformatics},
  volume={11},
  number={1},
  pages={119},
  year={2010},
  publisher={BioMed Central Ltd}
}

@article{ermolaeva2001synonymous,
  title={Synonymous codon usage in bacteria},
  author={Ermolaeva, M.D. and others},
  journal={Current issues in molecular biology},
  volume={3},
  number={4},
  pages={91--97},
  year={2001}
}

@article{do2006computational,
  title={Computational approaches to gene prediction},
  author={Do, J.H. and Choi, D. and others},
  journal={JOURNAL OF MICROBIOLOGY-SEOUL-},
  volume={44},
  number={2},
  pages={137},
  year={2006},
  publisher={MICROBIOLOGICAL SOCIETY OF KOREA}
}

@article{whisstock2003prediction,
  title={Prediction of protein function from protein sequence and structure},
  author={Whisstock, J.C. and Lesk, A.M.},
  journal={Quarterly reviews of biophysics},
  volume={36},
  number={03},
  pages={307--340},
  year={2003},
  publisher={Cambridge Univ Press}
}

@article{sleator2010overview,
  title={An overview of in silico protein function prediction},
  author={Sleator, R.D. and Walsh, P.},
  journal={Archives of microbiology},
  volume={192},
  number={3},
  pages={151--155},
  year={2010},
  publisher={Springer}
}

@article{camacho2009blast+,
  title={BLAST+: architecture and applications},
  author={Camacho, C. and Coulouris, G. and Avagyan, V. and Ma, N. and Papadopoulos, J. and Bealer, K. and Madden, T.L.},
  journal={BMC bioinformatics},
  volume={10},
  number={1},
  pages={421},
  year={2009},
  publisher={BioMed Central Ltd}
}

@article{ogata1999kegg,
  title={KEGG: Kyoto encyclopedia of genes and genomes},
  author={Ogata, H. and Goto, S. and Sato, K. and Fujibuchi, W. and Bono, H. and Kanehisa, M.},
  journal={Nucleic acids research},
  volume={27},
  number={1},
  pages={29--34},
  year={1999},
  publisher={Oxford Univ Press}
}

@article{apweiler2001interpro,
  title={The InterPro database, an integrated documentation resource for protein families, domains and functional sites},
  author={Apweiler, R. and Attwood, T.K. and Bairoch, A. and Birney, E. and Biswas, M. and Bucher, P. and Cerutti, L. and Corpet, F. and Croning, MDR and Durbin, R. and others},
  journal={Nucleic acids research},
  volume={29},
  number={1},
  pages={37--40},
  year={2001},
  publisher={Oxford Univ Press}
}

@article{zdobnov2001interproscan,
  title={InterProScan--an integration platform for the signature-recognition methods in InterPro},
  author={Zdobnov, E.M. and Apweiler, R.},
  journal={Bioinformatics},
  volume={17},
  number={9},
  pages={847--848},
  year={2001},
  publisher={Oxford Univ Press}
}

@article{uniprot2008universal,
  title={The universal protein resource (UniProt)},
  author={UniProt Consortium and others},
  journal={Nucleic Acids Res},
  volume={36},
  number={D190-D195},
  pages={61--79},
  year={2008}
}

@article{ashburner2000gene,
  title={Gene Ontology: tool for the unification of biology},
  author={Ashburner, M. and Ball, C.A. and Blake, J.A. and Botstein, D. and Butler, H. and Cherry, J.M. and Davis, A.P. and Dolinski, K. and Dwight, S.S. and Eppig, J.T. and others},
  journal={Nature genetics},
  volume={25},
  number={1},
  pages={25},
  year={2000},
  publisher={NIH Public Access}
}

@article{li2004gene,
  title={Gene mining: a novel and powerful ensemble decision approach to hunting for disease genes using microarray expression profiling},
  author={Li, X. and Rao, S. and Wang, Y. and Gong, B.},
  journal={Nucleic Acids Research},
  volume={32},
  number={9},
  pages={2685--2694},
  year={2004},
  publisher={Oxford Univ Press}
}

@article{du2008functional,
  title={Functional gene-mining for salt-tolerance genes with the power of Arabidopsis},
  author={Du, J. and Huang, Y.P. and Xi, J. and Cao, M.J. and Ni, W.S. and Chen, X. and Zhu, J.K. and Oliver, D.J. and Xiang, C.B.},
  journal={The Plant Journal},
  volume={56},
  number={4},
  pages={653--664},
  year={2008},
  publisher={Wiley Online Library}
}

@article{tatusov1997genomic,
  title={A genomic perspective on protein families},
  author={Tatusov, R.L. and Koonin, E.V. and Lipman, D.J.},
  journal={Science},
  volume={278},
  number={5338},
  pages={631--637},
  year={1997},
  publisher={American Association for the Advancement of Science}
}

@article{tatusov2003cog,
  title={The COG database: an updated version includes eukaryotes},
  author={Tatusov, R.L. and Fedorova, N.D. and Jackson, J.D. and Jacobs, A.R. and Kiryutin, B. and Koonin, E.V. and Krylov, D.M. and Mazumder, R. and Mekhedov, S.L. and Nikolskaya, A.N. and others},
  journal={BMC bioinformatics},
  volume={4},
  number={1},
  pages={41},
  year={2003},
  publisher={BioMed Central Ltd}
}

@online{cogcategs,
	title = {http://www.ncbi.nlm.nih.gov/COG/grace/uni.html},
 	year = 2003
}

@article{a1999impala,
  title={IMPALA: matching a protein sequence against a collection of PSI-BLAST-constructed position-specific score matrices},
  author={A Sch{\"a}ffer, A. and I Wolf, Y. and P Ponting, C. and V Koonin, E. and Aravind, L. and F Altschul, S.},
  journal={Bioinformatics},
  volume={15},
  number={12},
  pages={1000--1011},
  year={1999},
  publisher={Oxford Univ Press}
}

@article{marchler2002cdd,
  title={CDD: a database of conserved domain alignments with links to domain three-dimensional structure},
  author={Marchler-Bauer, A. and Panchenko, A.R. and Shoemaker, B.A. and Thiessen, P.A. and Geer, L.Y. and Bryant, S.H.},
  journal={Nucleic acids research},
  volume={30},
  number={1},
  pages={281--283},
  year={2002},
  publisher={Oxford Univ Press}
}

@online{wordcloud,
	title = {http://genome.kazusa.or.jp/rhizobase/Sinorhizobium/},
 	year = 2009
}

@article{koonin1996complete,
  title={Complete genome sequences of cellular life forms: glimpses of theoretical evolutionary genomics.},
  author={Koonin, E.V. and Mushegian, A.R. and others},
  journal={Current opinion in genetics \& development},
  volume={6},
  number={6},
  pages={757},
  year={1996}
}

@article{koonin1996sequencing,
  title={Sequencing and analysis of bacterial genomes},
  author={Koonin, E.V. and Mushegian, A.R. and Rudd, K.E. and others},
  journal={Current Biology},
  volume={6},
  number={4},
  pages={404--416},
  year={1996},
  publisher={London, UK: Current Biology Ltd., c1991-}
}

@article{gibson2008complete,
  title={Complete chemical synthesis, assembly, and cloning of a Mycoplasma genitalium genome},
  author={Gibson, D.G. and Benders, G.A. and Andrews-Pfannkoch, C. and Denisova, E.A. and Baden-Tillson, H. and Zaveri, J. and Stockwell, T.B. and Brownley, A. and Thomas, D.W. and Algire, M.A. and others},
  journal={Science Signalling},
  volume={319},
  number={5867},
  pages={1215},
  year={2008},
  publisher={AAAS}
}

@article{altenhoff2009phylogenetic,
  title={Phylogenetic and functional assessment of orthologs inference projects and methods},
  author={Altenhoff, A.M. and Dessimoz, C.},
  journal={PLoS computational biology},
  volume={5},
  number={1},
  pages={e1000262},
  year={2009},
  publisher={Public Library of Science}
}

@article{fitch1970distinguishing,
  title={Distinguishing homologous from analogous proteins},
  author={Fitch, W.M.},
  journal={Systematic Biology},
  volume={19},
  number={2},
  pages={99--113},
  year={1970},
  publisher={Oxford University Press}
}

@article{delaye2005last,
  title={The last common ancestor: What's in a name?},
  author={Delaye, L. and Becerra, A. and Lazcano, A.},
  journal={Origins of Life and Evolution of Biospheres},
  volume={35},
  number={6},
  pages={537--554},
  year={2005},
  publisher={Springer}
}

@article{koonin2005origin,
  title={On the origin of genomes and cells within inorganic compartments},
  author={Koonin, E.V. and Martin, W.},
  journal={TRENDS in Genetics},
  volume={21},
  number={12},
  pages={647--654},
  year={2005},
  publisher={Elsevier}
}

@article{studer2009confident,
  title={How confident can we be that orthologs are similar, but paralogs differ?},
  author={Studer, R.A. and Robinson-Rechavi, M.},
  journal={Trends in Genetics},
  volume={25},
  number={5},
  pages={210--216},
  year={2009},
  publisher={Elsevier}
}

@article{nehrt2011testing,
  title={Testing the ortholog conjecture with comparative functional genomic data from mammals},
  author={Nehrt, N.L. and Clark, W.T. and Radivojac, P. and Hahn, M.W.},
  journal={PLoS computational biology},
  volume={7},
  number={6},
  pages={e1002073},
  year={2011},
  publisher={Public Library of Science}
}

@article{remm2001automatic,
  title={Automatic clustering of orthologs and in-paralogs from pairwise species comparisons},
  author={Remm, M. and Storm, C.E.V. and Sonnhammer, E.L.L. and others},
  journal={Journal of molecular biology},
  volume={314},
  number={5},
  pages={1041--1052},
  year={2001},
  publisher={London, New York, Academic Press.}
}

@article{o2005inparanoid,
  title={Inparanoid: a comprehensive database of eukaryotic orthologs},
  author={O'Brien, K.P. and Remm, M. and Sonnhammer, E.L.L.},
  journal={Nucleic acids research},
  volume={33},
  number={suppl 1},
  pages={D476--D480},
  year={2005},
  publisher={Oxford Univ Press}
}

@online{bbh,
	title = {http://pid.nci.nih.gov/PID/2007/071009/full/pid.2007.2.shtml},
 	year = 2007
}

@article{carver2005act,
  title={ACT: the Artemis comparison tool},
  author={Carver, T.J. and Rutherford, K.M. and Berriman, M. and Rajandream, M.A. and Barrell, B.G. and Parkhill, J.},
  journal={Bioinformatics},
  volume={21},
  number={16},
  pages={3422--3423},
  year={2005},
  publisher={Oxford Univ Press}
}

@article{kersey2010ensembl,
  title={Ensembl Genomes: extending Ensembl across the taxonomic space},
  author={Kersey, PJ and Lawson, D. and Birney, E. and Derwent, PS and Haimel, M. and Herrero, J. and Keenan, S. and Kerhornou, A. and Koscielny, G. and K{\"a}h{\"a}ri, A. and others},
  journal={Nucleic acids research},
  volume={38},
  number={suppl 1},
  pages={D563--D569},
  year={2010},
  publisher={Oxford Univ Press}
}

@article{van2007orthology,
  title={Orthology prediction at scalable resolution by phylogenetic tree analysis},
  author={Van der Heijden, R.T.J.M. and Snel, B. and Van Noort, V. and Huynen, M.A.},
  journal={BMC bioinformatics},
  volume={8},
  number={1},
  pages={83},
  year={2007},
  publisher={BioMed Central Ltd}
}

@article{li2006treefam,
  title={TreeFam: a curated database of phylogenetic trees of animal gene families},
  author={Li, H. and Coghlan, A. and Ruan, J. and Coin, L.J. and H{\'e}rich{\'e}, J.K. and Osmotherly, L. and Li, R. and Liu, T. and Zhang, Z. and Bolund, L. and others},
  journal={Nucleic acids research},
  volume={34},
  number={suppl 1},
  pages={D572--D580},
  year={2006},
  publisher={Oxford Univ Press}
}

@article{alexeyenko2006automatic,
  title={Automatic clustering of orthologs and inparalogs shared by multiple proteomes},
  author={Alexeyenko, A. and Tamas, I. and Liu, G. and Sonnhammer, E.L.L.},
  journal={Bioinformatics},
  volume={22},
  number={14},
  pages={e9--e15},
  year={2006},
  publisher={Oxford Univ Press}
}

@article{li2003orthomcl,
  title={OrthoMCL: identification of ortholog groups for eukaryotic genomes},
  author={Li, L. and Stoeckert, C.J. and Roos, D.S.},
  journal={Genome research},
  volume={13},
  number={9},
  pages={2178--2189},
  year={2003},
  publisher={Cold Spring Harbor Lab}
}

@article{jensen2008eggnog,
  title={eggNOG: automated construction and annotation of orthologous groups of genes},
  author={Jensen, L.J. and Julien, P. and Kuhn, M. and Von Mering, C. and Muller, J. and Doerks, T. and Bork, P.},
  journal={Nucleic acids research},
  volume={36},
  number={suppl 1},
  pages={D250--D254},
  year={2008},
  publisher={Oxford Univ Press}
}

@article{deluca2006roundup,
  title={Roundup: a multi-genome repository of orthologs and evolutionary distances},
  author={DeLuca, T.F. and Wu, I. and Pu, J. and Monaghan, T. and Peshkin, L. and Singh, S. and Wall, D.P. and others},
  journal={Bioinformatics},
  volume={22},
  number={16},
  pages={2044--2046},
  year={2006},
  publisher={Oxford Univ Press}
}

@article{wheeler2007database,
  title={Database resources of the national center for biotechnology information},
  author={Wheeler, D.L. and Barrett, T. and Benson, D.A. and Bryant, S.H. and Canese, K. and Chetvernin, V. and Church, D.M. and DiCuccio, M. and Edgar, R. and Federhen, S. and others},
  journal={Nucleic acids research},
  volume={35},
  number={suppl 1},
  pages={D5--D12},
  year={2007},
  publisher={Oxford Univ Press}
}

@article{dessimoz2005oma,
  title={OMA, a comprehensive, automated project for the identification of orthologs from complete genome data: introduction and first achievements},
  author={Dessimoz, C. and Cannarozzi, G. and Gil, M. and Margadant, D. and Roth, A. and Schneider, A. and Gonnet, G.},
  journal={Comparative Genomics},
  pages={61--72},
  year={2005},
  publisher={Springer}
}

@article{glenn2011field,
  title={Field guide to next-generation DNA sequencers},
  author={Glenn, T.C.},
  journal={Molecular Ecology Resources},
  volume={11},
  number={5},
  pages={759--769},
  year={2011},
  publisher={Wiley Online Library}
}

@article{ronaghi1996real,
  title={Real-time DNA sequencing using detection of pyrophosphate release},
  author={Ronaghi, M. and Karamohamed, S. and Pettersson, B. and Uhl{\'e}n, M. and Nyr{\'e}n, P. and others},
  journal={Analytical biochemistry},
  volume={242},
  number={1},
  pages={84--89},
  year={1996},
  publisher={Elsevier Science}
}

@article{eid2009real,
  title={Real-time DNA sequencing from single polymerase molecules},
  author={Eid, J. and Fehr, A. and Gray, J. and Luong, K. and Lyle, J. and Otto, G. and Peluso, P. and Rank, D. and Baybayan, P. and Bettman, B. and others},
  journal={Science},
  volume={323},
  number={5910},
  pages={133--138},
  year={2009},
  publisher={American Association for the Advancement of Science}
}

@article{maclean2009application,
  title={Application of'next-generation'sequencing technologies to microbial genetics},
  author={MacLean, D. and Jones, J.D.G. and Studholme, D.J.},
  journal={Nature Reviews Microbiology},
  volume={7},
  number={4},
  pages={287--296},
  year={2009},
  publisher={Nature Publishing Group}
}

@online{ion,
	title = {http://www.ebi.ac.uk/training/online/course/ebi-next-generation-sequencing-practical-course/what-next-generation-dna-sequencing/ion-torre},
 	year = 2012
}

@article{simpson2009abyss,
  title={ABySS: a parallel assembler for short read sequence data},
  author={Simpson, J.T. and Wong, K. and Jackman, S.D. and Schein, J.E. and Jones, S.J.M. and Birol, {\.I}.},
  journal={Genome research},
  volume={19},
  number={6},
  pages={1117--1123},
  year={2009},
  publisher={Cold Spring Harbor Lab}
}

@article{boisvert2010ray,
  title={Ray: Simultaneous assembly of reads from a mix of high-throughput sequencing technologies},
  author={Boisvert, S. and Laviolette, F. and Corbeil, J.},
  journal={Journal of Computational Biology},
  volume={17},
  number={11},
  pages={1519--1533},
  year={2010},
  publisher={Mary Ann Liebert, Inc. 140 Huguenot Street, 3rd Floor New Rochelle, NY 10801 USA}
}

@article{zerbino2008velvet,
  title={Velvet: algorithms for de novo short read assembly using de Bruijn graphs},
  author={Zerbino, D.R. and Birney, E.},
  journal={Genome research},
  volume={18},
  number={5},
  pages={821--829},
  year={2008},
  publisher={Cold Spring Harbor Lab}
}

@online{gold,
	title = {http://www.genomesonline.org},
 	year = {2012}
}

@article{medini2005microbial,
  title={The microbial pan-genome},
  author={Medini, D. and Donati, C. and Tettelin, H. and Masignani, V. and Rappuoli, R.},
  journal={Current opinion in genetics \& development},
  volume={15},
  number={6},
  pages={589--594},
  year={2005},
  publisher={Elsevier}
}

@article{tettelin2005genome,
  title={Genome analysis of multiple pathogenic isolates of Streptococcus agalactiae: implications for the microbial “pan-genome”},
  author={Tettelin, H. and Masignani, V. and Cieslewicz, M.J. and Donati, C. and Medini, D. and Ward, N.L. and Angiuoli, S.V. and Crabtree, J. and Jones, A.L. and Durkin, A.S. and others},
  journal={Proceedings of the National Academy of Sciences of the United States of America},
  volume={102},
  number={39},
  pages={13950--13955},
  year={2005},
  publisher={National Acad Sciences}
}

@article{tettelin2008comparative,
  title={Comparative genomics: the bacterial pan-genome},
  author={Tettelin, H. and Riley, D. and Cattuto, C. and Medini, D.},
  journal={Current opinion in microbiology},
  volume={11},
  number={5},
  pages={472--477},
  year={2008},
  publisher={Elsevier}
}

@article{yomtovian2010composition,
  title={Composition bias and the origin of ORFan genes},
  author={Yomtovian, I. and Teerakulkittipong, N. and Lee, B. and Moult, J. and Unger, R.},
  journal={Bioinformatics},
  volume={26},
  number={8},
  pages={996--999},
  year={2010},
  publisher={Oxford Univ Press}
}

@article{samuel12improving,
  title={Improving pan-genome annotation using whole genome multiple alignment},
  author={Samuel, A. and Julie, D.H. and Herv{\'e}, T.},
  journal={BMC Bioinformatics},
  volume={12}
}

@article{turnbaugh2007human,
  title={The human microbiome project},
  author={Turnbaugh, P.J. and Ley, R.E. and Hamady, M. and Fraser-Liggett, C.M. and Knight, R. and Gordon, J.I.},
  journal={Nature},
  volume={449},
  number={7164},
  pages={804--810},
  year={2007},
  publisher={Nature Publishing Group}
}

@book{holliday2001dictionary,
  title={A dictionary of plant pathology.},
  author={Holliday, P. and others},
  number={Ed. 2},
  year={2001},
  publisher={Cambridge University Press}
}

@book{schulz2006microbial,
  title={Microbial root endophytes},
  author={Schulz, B.J.E. and Boyle, C.J.C. and Sieber, T.N.},
  volume={9},
  year={2006},
  publisher={Springer}
}

@article{haas2005biological,
  title={Biological control of soil-borne pathogens by fluorescent pseudomonads},
  author={Haas, D. and D{\'e}fago, G.},
  journal={Nature Reviews Microbiology},
  volume={3},
  number={4},
  pages={307--319},
  year={2005},
  publisher={Nature Publishing Group}
}

@article{lindow2003microbiology,
  title={Microbiology of the phyllosphere},
  author={Lindow, S.E. and Brandl, M.T.},
  journal={Applied and environmental microbiology},
  volume={69},
  number={4},
  pages={1875--1883},
  year={2003},
  publisher={Am Soc Microbiol}
}

@article{mengoni2011bacterial,
  title={The Bacterial Flora of the Nickel-Hyperaccumulator Plant Alyssum bertolonii},
  author={Mengoni, A. and Pini, F. and Bazzicalupo, M.},
  journal={Biomanagement of Metal-Contaminated Soils},
  pages={167--181},
  year={2011},
  publisher={Springer}
}

@article{ryan2007bacterial,
  title={Bacterial endophytes: recent developments and applications},
  author={Ryan, R.P. and Germaine, K. and Franks, A. and Ryan, D.J. and Dowling, D.N.},
  journal={FEMS Microbiology Letters},
  volume={278},
  number={1},
  pages={1--9},
  year={2007},
  publisher={Wiley Online Library}
}

@article{singh2004unravelling,
  title={Unravelling rhizosphere--microbial interactions: opportunities and limitations},
  author={Singh, B.K. and Millard, P. and Whiteley, A.S. and Murrell, J.C.},
  journal={Trends in microbiology},
  volume={12},
  number={8},
  pages={386--393},
  year={2004},
  publisher={Elsevier}
}

@article{whipps2008phyllosphere,
  title={Phyllosphere microbiology with special reference to diversity and plant genotype},
  author={Whipps, JM and Hand, P. and Pink, D. and Bending, G.D.},
  journal={Journal of applied microbiology},
  volume={105},
  number={6},
  pages={1744--1755},
  year={2008},
  publisher={Wiley Online Library}
}

@article{rosenblueth2006bacterial,
  title={Bacterial endophytes and their interactions with hosts},
  author={Rosenblueth, M. and Mart{\'\i}nez-Romero, E.},
  journal={Molecular Plant-Microbe Interactions},
  volume={19},
  number={8},
  pages={827--837},
  year={2006},
  publisher={Am Phytopath Society}
}

@article{hallmann1997bacterial,
  title={Bacterial endophytes in agricultural crops},
  author={Hallmann, J. and Quadt-Hallmann, A. and Mahaffee, WF and Kloepper, JW},
  journal={Canadian Journal of Microbiology},
  volume={43},
  number={10},
  pages={895--914},
  year={1997},
  publisher={NRC Research Press}
}

@article{lucy2004applications,
  title={Applications of free living plant growth-promoting rhizobacteria},
  author={Lucy, M. and Reed, E. and Glick, B.R.},
  journal={Antonie van Leeuwenhoek},
  volume={86},
  number={1},
  pages={1--25},
  year={2004},
  publisher={Springer}
}

@article{vessey2003plant,
  title={Plant growth promoting rhizobacteria as biofertilizers},
  author={Vessey, J.K.},
  journal={Plant and soil},
  volume={255},
  number={2},
  pages={571--586},
  year={2003},
  publisher={Springer}
}

@article{pini2012exploring,
  title={Exploring the plant-associated bacterial communities in Medicago sativa L},
  author={Pini, F. and Frascella, A. and Santopolo, L. and Bazzicalupo, M. and Biondi, E.G. and Scotti, C. and Mengoni, A.},
  journal={BMC microbiology},
  volume={12},
  number={1},
  pages={78},
  year={2012},
  publisher={BioMed Central Ltd}
}

@book{postgate1982fundamentals,
  title={The fundamentals of nitrogen fixation},
  author={Postgate, J.R.},
  year={1982},
  publisher={Cambridge University Press}
}

@article{sprent1990nitrogen,
  title={Nitrogen fixing organisms: Pure and applied aspects.},
  author={Sprent, J.I. and Sprent, P. and others},
  journal={Nitrogen fixing organisms: pure and applied aspects.},
  year={1990},
  publisher={Chapman and Hall Ltd.}
}

@article{peoples1995biological,
  title={Biological nitrogen fixation: An efficient source of nitrogen for sustainable agricultural production?},
  author={Peoples, MB and Herridge, DF and Ladha, JK},
  journal={Management of Biological Nitrogen Fixation for the Development of More Productive and Sustainable Agricultural Systems},
  pages={3--28},
  year={1995},
  publisher={Springer}
}

@article{stewart1966nitrogen,
  title={Nitrogen fixation in plants.},
  author={Stewart, W.D.P. and others},
  journal={Nitrogen fixation in plants.},
  year={1966},
  publisher={University of London: The Athlone Press}
}

@online{n2africa,
	title = {http://www.n2africa.org/},
 	year = {2012}
}

@article{bouton2007economic,
  title={The economic benefits of forage improvement in the United States},
  author={Bouton, J.},
  journal={Euphytica},
  volume={154},
  number={3},
  pages={263--270},
  year={2007},
  publisher={Springer}
}

@article{chen2003legume,
  title={Legume Symbiotic Nitrogen Fixation by$\beta$-Proteobacteria Is Widespread in Nature},
  author={Chen, W.M. and Moulin, L. and Bontemps, C. and Vandamme, P. and B{\'e}na, G. and Boivin-Masson, C.},
  journal={Journal of Bacteriology},
  volume={185},
  number={24},
  pages={7266--7272},
  year={2003},
  publisher={Am Soc Microbiol}
}

@article{vance2001application,
  title={Application of biochemical studies to improving nitrogen fixation},
  author={Vance, CP and Lamb, JFS},
  journal={Animal Production Science},
  volume={41},
  number={3},
  pages={403--416},
  year={2001},
  publisher={CSIRO}
}

@article{ane2007recent,
  title={Recent advances in Medicago truncatula genomics},
  author={An{\'e}, J.M. and Zhu, H. and Frugoli, J.},
  journal={International journal of plant genomics},
  volume={2008},
  year={2007},
  publisher={Hindawi Publishing Corporation}
}

@article{bouton1996new,
  title={New uses for alfalfa and other" old" forage legumes},
  author={Bouton, J.H.},
  journal={Progress in New Crops, Janick, J.(Ed.). ASHS Press, Alexandria},
  pages={251--259},
  year={1996}
}

@article{comisalfalfa,
  title={The alfalfa factory: a remarkable perennial legume finds many uses.},
  author={Comis, D.}
}

@article{mozaffari2000corn,
  title={Corn and soil response to application of ash generated from gasified alfalfa stems},
  author={Mozaffari, M. and Rosen, CJ and Russelle, MP and Nater, EA},
  journal={Soil science},
  volume={165},
  number={11},
  pages={896},
  year={2000}
}

@inproceedings{mccaslin2007future,
  title={The future of alfalfa as a biofuels feedstock},
  author={McCaslin, M. and Miller, D.},
  booktitle={37th California Alfalfa \& Forage Symposium},
  pages={17--19},
  year={2007}
}

@online{alfalfa,
	title = {http://en.wikipedia.org/wiki/Alfalfa},
 	year = {2012}
}

@article{jones2007rhizobial,
  title={How rhizobial symbionts invade plants: the Sinorhizobium--Medicago model},
  author={Jones, K.M. and Kobayashi, H. and Davies, B.W. and Taga, M.E. and Walker, G.C.},
  journal={Nature Reviews Microbiology},
  volume={5},
  number={8},
  pages={619--633},
  year={2007},
  publisher={Nature Publishing Group}
}

@article{barbour1991chemotaxis,
  title={Chemotaxis of Bradyrhizobium japonicum to soybean exudates.},
  author={Barbour, WM and Hattermann, DR and Stacey, G.},
  journal={Applied and environmental microbiology},
  volume={57},
  number={9},
  pages={2635--2639},
  year={1991},
  publisher={Am Soc Microbiol}
}

@article{caetano1992growth,
  title={Growth and movement of spot inoculated Rhizobium meliloti on the root surface of alfalfa},
  author={Caetano-Anoll{\'e}s, G. and Wrobel-Boerner, E. and Bauer, W.D.},
  journal={Plant physiology},
  volume={98},
  number={3},
  pages={1181--1189},
  year={1992},
  publisher={Am Soc Plant Biol}
}

@article{shaw2006perception,
  title={Perception and modification of plant flavonoid signals by rhizosphere microorganisms},
  author={Shaw, L.J. and Morris, P. and Hooker, J.E.},
  journal={Environmental microbiology},
  volume={8},
  number={11},
  pages={1867--1880},
  year={2006},
  publisher={Wiley Online Library}
}

@article{kondorosi1984physical,
  title={Physical and genetic analysis of a symbiotic region of Rhizobium meliloti: identification of nodulation genes},
  author={Kondorosi, E. and Banfalvi, Z. and Kondorosi, A.},
  journal={Molecular and General Genetics MGG},
  volume={193},
  number={3},
  pages={445--452},
  year={1984},
  publisher={Springer}
}

@article{diaz1986correlation,
  title={Correlation between infection by Rhizobium leguminosarum and lectin on the surface of Pisum sativum L. roots},
  author={Diaz, CL and Spronsen, P.C. and Bakhuizen, R. and Logman, GJJ and Lugtenberg, EJJ and Kijne, JW},
  journal={Planta},
  volume={168},
  number={3},
  pages={350--359},
  year={1986},
  publisher={Springer}
}

@article{brewin2004plant,
  title={Plant cell wall remodelling in the Rhizobium--legume symbiosis},
  author={Brewin, N.J.},
  journal={Critical Reviews in Plant Sciences},
  volume={23},
  number={4},
  pages={293--316},
  year={2004},
  publisher={Taylor \& Francis}
}

@article{brewin1991development,
  title={Development of the legume root nodule},
  author={Brewin, N.J.},
  journal={Annual review of cell biology},
  volume={7},
  number={1},
  pages={191--226},
  year={1991},
  publisher={Annual Reviews 4139 El Camino Way, PO Box 10139, Palo Alto, CA 94303-0139, USA}
}

@article{franssen1992developmental,
  title={Developmental aspects of the Rhizobium-legume symbiosis},
  author={Franssen, H.J. and Vijn, I. and Yang, W.C. and Bisseling, T.},
  journal={Plant molecular biology},
  volume={19},
  number={1},
  pages={89--107},
  year={1992},
  publisher={Springer}
}

@article{mergaert2006eukaryotic,
  title={Eukaryotic control on bacterial cell cycle and differentiation in the Rhizobium--legume symbiosis},
  author={Mergaert, P. and Uchiumi, T. and Alunni, B. and Evanno, G. and Cheron, A. and Catrice, O. and Mausset, A.E. and Barloy-Hubler, F. and Galibert, F. and Kondorosi, A. and others},
  journal={Proceedings of the National Academy of Sciences of the United States of America},
  volume={103},
  number={13},
  pages={5230--5235},
  year={2006},
  publisher={National Acad Sciences}
}

@article{patriarca2002key,
  title={Key role of bacterial NH4+ metabolism in Rhizobium-plant symbiosis},
  author={Patriarca, E.J. and Tat{\`e}, R. and Iaccarino, M.},
  journal={Microbiology and molecular biology reviews},
  volume={66},
  number={2},
  pages={203--222},
  year={2002},
  publisher={Am Soc Microbiol}
}

@article{pawlowski1996rhizobial,
  title={Rhizobial and actinorhizal symbioses: what are the shared features?},
  author={Pawlowski, K. and Bisseling, T.},
  journal={The Plant Cell},
  volume={8},
  number={10},
  pages={1899},
  year={1996},
  publisher={American Society of Plant Biologists}
}

@article{vasse1990correlation,
  title={Correlation between ultrastructural differentiation of bacteroids and nitrogen fixation in alfalfa nodules.},
  author={Vasse, J. and De Billy, F. and Camut, S. and Truchet, G.},
  journal={Journal of Bacteriology},
  volume={172},
  number={8},
  pages={4295--4306},
  year={1990},
  publisher={Am Soc Microbiol}
}

@article{peters2006exploring,
  title={Exploring new frontiers of nitrogenase structure and mechanism},
  author={Peters, J.W. and Szilagyi, R.K.},
  journal={Current opinion in chemical biology},
  volume={10},
  number={2},
  pages={101--108},
  year={2006},
  publisher={Elsevier}
}

@article{raymond2004natural,
  title={The natural history of nitrogen fixation},
  author={Raymond, J. and Siefert, J.L. and Staples, C.R. and Blankenship, R.E.},
  journal={Molecular Biology and Evolution},
  volume={21},
  number={3},
  pages={541--554},
  year={2004},
  publisher={SMBE}
}

@article{barnett2006global,
  title={Global gene expression in the rhizobial-legume symbiosis.},
  author={Barnett, M.J. and Fisher, R.F. and others},
  journal={Symbiosis (Rehovot)},
  volume={42},
  number={1},
  pages={1--24},
  year={2006},
  publisher={Balaban Publishers}
}

@article{poole2000carbon,
  title={Carbon and nitrogen metabolism in< i> Rhizobium</i>},
  author={Poole, P. and Allaway, D.},
  journal={Advances in microbial physiology},
  volume={43},
  pages={117--163},
  year={2000},
  publisher={Elsevier}
}

@article{lodwig2003metabolism,
  title={Metabolism of Rhizobium bacteroids},
  author={Lodwig, E. and Poole, P.},
  journal={Critical reviews in plant sciences},
  volume={22},
  number={1},
  pages={37--78},
  year={2003},
  publisher={Taylor \& Francis}
}

@article{o1987bacterial,
  title={Bacterial heme synthesis is required for expression of the leghemoglobin holoprotein but not the apoprotein in soybean root nodules},
  author={O'Brian, M.R. and Kirshbom, P.M. and Maier, R.J.},
  journal={Proceedings of the National Academy of Sciences},
  volume={84},
  number={23},
  pages={8390--8393},
  year={1987},
  publisher={National Acad Sciences}
}

@article{galibert2001composite,
  title={The composite genome of the legume symbiont Sinorhizobium meliloti},
  author={Galibert, F. and Finan, T.M. and Long, S.R. and P{\"u}hler, A. and Abola, P. and Ampe, F. and Barloy-Hubler, F. and Barnett, M.J. and Becker, A. and Boistard, P. and others},
  journal={Science},
  volume={293},
  number={5530},
  pages={668--672},
  year={2001},
  publisher={American Association for the Advancement of Science}
}

@article{harrison2010introducing,
  title={Introducing the bacterial ‘chromid’: not a chromosome, not a plasmid},
  author={Harrison, P.W. and Lower, R.P.J. and Kim, N.K.D. and Young, J.P.W.},
  journal={Trends in microbiology},
  volume={18},
  number={4},
  pages={141--148},
  year={2010},
  publisher={Elsevier}
}

@article{denison2004most,
  title={Why are most rhizobia beneficial to their plant hosts, rather than parasitic?},
  author={Denison, R.F. and Toby Kiers, E.},
  journal={Microbes and Infection},
  volume={6},
  number={13},
  pages={1235--1239},
  year={2004},
  publisher={Elsevier}
}

@article{becker2004global,
  title={Global changes in gene expression in Sinorhizobium meliloti 1021 under microoxic and symbiotic conditions},
  author={Becker, A. and Berg{\`e}s, H. and Krol, E. and Bruand, C. and R{\"u}berg, S. and Capela, D. and Lauber, E. and Meilhoc, E. and Ampe, F. and de Bruijn, F.J. and others},
  journal={Molecular plant-microbe interactions},
  volume={17},
  number={3},
  pages={292--303},
  year={2004},
  publisher={Am Phytopath Society}
}

@article{giuntini2005large,
  title={Large-scale genetic variation of the symbiosis-required megaplasmid pSymA revealed by comparative genomic analysis of Sinorhizobium meliloti natural strains},
  author={Giuntini, E. and Mengoni, A. and De Filippo, C. and Cavalieri, D. and Aubin-Horth, N. and Landry, C.R. and Becker, A. and Bazzicalupo, M.},
  journal={BMC genomics},
  volume={6},
  number={1},
  pages={158},
  year={2005},
  publisher={BioMed Central Ltd}
}

@article{metzker2009sequencing,
  title={Sequencing technologies—the next generation},
  author={Metzker, M.L.},
  journal={Nature Reviews Genetics},
  volume={11},
  number={1},
  pages={31--46},
  year={2009},
  publisher={Nature Publishing Group}
}

@article{zhang2010integrating,
  title={Integrating multiple ‘omics’ analysis for microbial biology: application and methodologies},
  author={Zhang, W. and Li, F. and Nie, L.},
  journal={Microbiology},
  volume={156},
  number={2},
  pages={287--301},
  year={2010},
  publisher={Soc General Microbiol}
}

@article{mardis2008impact,
  title={The impact of next-generation sequencing technology on genetics},
  author={Mardis, E.R. and others},
  journal={Trends in genetics},
  volume={24},
  number={3},
  pages={133},
  year={2008}
}

@article{bochner2001phenotype,
  title={Phenotype microarrays for high-throughput phenotypic testing and assay of gene function},
  author={Bochner, B.R. and Gadzinski, P. and Panomitros, E.},
  journal={Genome research},
  volume={11},
  number={7},
  pages={1246--1255},
  year={2001},
  publisher={Cold Spring Harbor Lab}
}

@book{biolog2009,
  title={Data file converter, file management software, parametric software, phenotype microarray, user guide},
  author={BIOLOG Inc.},
  year={2009},
  publisher={BIOLOG Inc.}
}

@article{li2005phd,
  title={PhD: a web database application for phenotype data management},
  author={Li, J.L. and Li, M.X. and Deng, H.Y. and Duffy, PE and Deng, H.W.},
  journal={Bioinformatics},
  volume={21},
  number={16},
  pages={3443--3444},
  year={2005},
  publisher={Oxford Univ Press}
}

@book{biolog2008,
  title={RetroSpect Trending and Tracking User Guide},
  author={BIOLOG Inc.},
  year={2008},
  publisher={BIOLOG Inc.}
}

@article{wenling12phemadb,
  title={PheMaDB: A solution for storage, retrieval, and analysis of high throughput phenotype data},
  author={Wenling, C. and Keri, S. and Brandon, H. and Timothy, R. and Nichole, N. and Kimberly, B.L. and Shanmuga, S.},
  journal={BMC Bioinformatics},
  volume={12}
}

@article{biondi2009metabolic,
  title={Metabolic capacity of Sinorhizobium (Ensifer) meliloti strains as determined by Phenotype MicroArray analysis},
  author={Biondi, E.G. and Tatti, E. and Comparini, D. and Giuntini, E. and Mocali, S. and Giovannetti, L. and Bazzicalupo, M. and Mengoni, A. and Viti, C.},
  journal={Applied and environmental microbiology},
  volume={75},
  number={16},
  pages={5396--5404},
  year={2009},
  publisher={Am Soc Microbiol}
}

@article{viti2009involvement,
  title={Involvement of the oscA gene in the sulphur starvation response and in Cr (VI) resistance in Pseudomonas corrugata 28},
  author={Viti, C. and Decorosi, F. and Mini, A. and Tatti, E. and Giovannetti, L.},
  journal={Microbiology},
  volume={155},
  number={1},
  pages={95--105},
  year={2009},
  publisher={Soc General Microbiol}
}

@article{reed2006towards,
  title={Towards multidimensional genome annotation},
  author={Reed, J.L. and Famili, I. and Thiele, I. and Palsson, B.O.},
  journal={Nature Reviews Genetics},
  volume={7},
  number={2},
  pages={130--141},
  year={2006},
  publisher={Nature Publishing Group}
}

@article{galardini2011exploring,
  title={Exploring the symbiotic pangenome of the nitrogen-fixing bacterium Sinorhizobium meliloti},
  author={Galardini, M. and Mengoni, A. and Brilli, M. and Pini, F. and Fioravanti, A. and Lucas, S. and Lapidus, A. and Cheng, J.F. and Goodwin, L. and Pitluck, S. and others},
  journal={BMC genomics},
  volume={12},
  number={1},
  pages={235},
  year={2011},
  publisher={BioMed Central Ltd}
}

@article{moriya2007kaas,
  title={KAAS: an automatic genome annotation and pathway reconstruction server},
  author={Moriya, Y. and Itoh, M. and Okuda, S. and Yoshizawa, A.C. and Kanehisa, M.},
  journal={Nucleic Acids Research},
  volume={35},
  number={suppl 2},
  pages={W182--W185},
  year={2007},
  publisher={Oxford Univ Press}
}

@article{ostlund2010inparanoid,
  title={InParanoid 7: new algorithms and tools for eukaryotic orthology analysis},
  author={{\"O}stlund, G. and Schmitt, T. and Forslund, K. and K{\"o}stler, T. and Messina, D.N. and Roopra, S. and Frings, O. and Sonnhammer, E.L.L.},
  journal={Nucleic acids research},
  volume={38},
  number={suppl 1},
  pages={D196--D203},
  year={2010},
  publisher={Oxford Univ Press}
}

@article{popa2011directed,
  title={Directed networks reveal genomic barriers and DNA repair bypasses to lateral gene transfer among prokaryotes},
  author={Popa, O. and Hazkani-Covo, E. and Landan, G. and Martin, W. and Dagan, T.},
  journal={Genome research},
  volume={21},
  number={4},
  pages={599--609},
  year={2011},
  publisher={Cold Spring Harbor Lab}
}

@article{cock2009biopython,
  title={Biopython: freely available Python tools for computational molecular biology and bioinformatics},
  author={Cock, P.J.A. and Antao, T. and Chang, J.T. and Chapman, B.A. and Cox, C.J. and Dalke, A. and Friedberg, I. and Hamelryck, T. and Kauff, F. and Wilczynski, B. and others},
  journal={Bioinformatics},
  volume={25},
  number={11},
  pages={1422--1423},
  year={2009},
  publisher={Oxford Univ Press}
}

@article{vaas2012visualization,
  title={Visualization and Curve-Parameter Estimation Strategies for Efficient Exploration of Phenotype Microarray Kinetics},
  author={Vaas, L.A.I. and Sikorski, J. and Michael, V. and G{\"o}ker, M. and Klenk, H.P.},
  journal={PloS one},
  volume={7},
  number={4},
  pages={e34846},
  year={2012},
  publisher={Public Library of Science}
}

@article{zwietering1990modeling,
  title={Modeling of the bacterial growth curve},
  author={Zwietering, MH and Jongenburger, I. and Rombouts, FM and Van't Riet, K.},
  journal={Applied and environmental microbiology},
  volume={56},
  number={6},
  pages={1875--1881},
  year={1990},
  publisher={Am Soc Microbiol}
}

@article{jones2001scipy,
  title={SciPy: Open source scientific tools for Python},
  author={Jones, E. and Oliphant, T. and Peterson, P.},
  journal={http://www. scipy. org/},
  year={2001}
}

@article{pedregosa2011scikit,
  title={Scikit-learn: Machine learning in Python},
  author={Pedregosa, F. and Varoquaux, G. and Gramfort, A. and Michel, V. and Thirion, B. and Grisel, O. and Blondel, M. and Prettenhofer, P. and Weiss, R. and Dubourg, V. and others},
  journal={The Journal of Machine Learning Research},
  volume={12},
  pages={2825--2830},
  year={2011},
  publisher={JMLR. org}
}

@article{hunter2007matplotlib,
  title={Matplotlib: a 2D graphics environment},
  author={Hunter, J.D.},
  journal={Computing in Science \& Engineering},
  pages={90--95},
  year={2007},
  publisher={IEEE Computer Society}
}

@techreport{hagberg2008exploring,
  title={Exploring network structure, dynamics, and function using NetworkX},
  author={Hagberg, A. and Swart, P. and S Chult, D.},
  year={2008},
  institution={Los Alamos National Laboratory (LANL)}
}

@article{bastian2009gephi,
  title={Gephi: An open source software for exploring and manipulating networks},
  author={Bastian, M. and Heymann, S. and Jacomy, M.},
  year={2009}
}

@article{mols2007metabolic,
  title={Metabolic capacity of Bacillus cereus strains ATCC 14579 and ATCC 10987 interlinked with comparative genomics},
  author={Mols, M. and De Been, M. and Zwietering, M.H. and Moezelaar, R. and Abee, T.},
  journal={Environmental microbiology},
  volume={9},
  number={12},
  pages={2933--2944},
  year={2007},
  publisher={Wiley Online Library}
}

@article{peleg2012success,
  title={The Success of Acinetobacter Species; Genetic, Metabolic and Virulence Attributes},
  author={Peleg, A.Y. and de Breij, A. and Adams, M.D. and Cerqueira, G.M. and Mocali, S. and Galardini, M. and Nibbering, P.H. and Earl, A.M. and Ward, D.V. and Paterson, D.L. and others},
  journal={PloS one},
  volume={7},
  number={10},
  pages={e46984},
  year={2012},
  publisher={Public Library of Science}
}

@article{hughes2011evolution,
  title={Evolution of adaptive phenotypic traits without positive Darwinian selection},
  author={Hughes, AL},
  journal={Heredity},
  volume={108},
  number={4},
  pages={347--353},
  year={2011},
  publisher={Nature Publishing Group}
}

@article{koonin2010constraints,
  title={Constraints and plasticity in genome and molecular-phenome evolution},
  author={Koonin, E.V. and Wolf, Y.I.},
  journal={Nature Reviews Genetics},
  volume={11},
  number={7},
  pages={487--498},
  year={2010},
  publisher={Nature Publishing Group}
}

@article{medini2008microbiology,
  title={Microbiology in the post-genomic era},
  author={Medini, D. and Serruto, D. and Parkhill, J. and Relman, D.A. and Donati, C. and Moxon, R. and Falkow, S. and Rappuoli, R.},
  journal={Nature Reviews Microbiology},
  volume={6},
  number={6},
  pages={419--430},
  year={2008},
  publisher={Nature Publishing Group}
}

@article{gibson2008molecular,
  title={Molecular determinants of a symbiotic chronic infection},
  author={Gibson, K.E. and Kobayashi, H. and Walker, G.C.},
  journal={Annual review of genetics},
  volume={42},
  pages={413},
  year={2008},
  publisher={NIH Public Access}
}

@book{sprent2001nodulation,
  title={Nodulation in legumes},
  author={Sprent, J.I. and Gardens, R.B.},
  year={2001},
  publisher={Royal Botanic Gardens Kew, UK}
}

@article{chi2005ascending,
  title={Ascending migration of endophytic rhizobia, from roots to leaves, inside rice plants and assessment of benefits to rice growth physiology},
  author={Chi, F. and Shen, S.H. and Cheng, H.P. and Jing, Y.X. and Yanni, Y.G. and Dazzo, F.B.},
  journal={Applied and Environmental Microbiology},
  volume={71},
  number={11},
  pages={7271--7278},
  year={2005},
  publisher={Am Soc Microbiol}
}

@article{krawiec1990organization,
  title={Organization of the bacterial chromosome.},
  author={Krawiec, S. and Riley, M.},
  journal={Microbiological reviews},
  volume={54},
  number={4},
  pages={502},
  year={1990},
  publisher={American Society for Microbiology (ASM)}
}

@article{tian2012comparative,
  title={Comparative genomics of rhizobia nodulating soybean suggests extensive recruitment of lineage-specific genes in adaptations},
  author={Tian, C.F. and Zhou, Y.J. and Zhang, Y.M. and Li, Q.Q. and Zhang, Y.Z. and Li, D.F. and Wang, S. and Wang, J. and Gilbert, L.B. and Li, Y.R. and others},
  journal={Proceedings of the National Academy of Sciences},
  volume={109},
  number={22},
  pages={8629--8634},
  year={2012},
  publisher={National Acad Sciences}
}

@article{paffetti1996genetic,
  title={Genetic diversity of an Italian Rhizobium meliloti population from different Medicago sativa varieties.},
  author={Paffetti, D. and Scotti, C. and Gnocchi, S. and Fancelli, S. and Bazzicalupo, M.},
  journal={Applied and environmental microbiology},
  volume={62},
  number={7},
  pages={2279--2285},
  year={1996},
  publisher={Am Soc Microbiol}
}

@article{paffetti1998influence,
  title={Influence of plant genotype on the selection of nodulating Sinorhizobium meliloti strains by Medicago sativa},
  author={Paffetti, D. and Daguin, F. and Fancelli, S. and Gnocchi, S. and Lippi, F. and Scotti, C. and Bazzicalupo, M.},
  journal={Antonie van Leeuwenhoek},
  volume={73},
  number={1},
  pages={3--8},
  year={1998},
  publisher={Springer}
}

@article{carelli2000genetic,
  title={Genetic diversity and dynamics of Sinorhizobium meliloti populations nodulating different alfalfa cultivars in Italian soils},
  author={Carelli, M. and Gnocchi, S. and Fancelli, S. and Mengoni, A. and Paffetti, D. and Scotti, C. and Bazzicalupo, M.},
  journal={Applied and environmental microbiology},
  volume={66},
  number={11},
  pages={4785--4789},
  year={2000},
  publisher={Am Soc Microbiol}
}

@article{jebara2001genetic,
  title={Genetic diversity of Sinorhizobium populations recovered from different Medicago varieties cultivated in Tunisian soils},
  author={Jebara, M. and Mhamdi, R. and Aouani, ME and Ghrir, R. and Mars, M.},
  journal={Canadian journal of microbiology},
  volume={47},
  number={2},
  pages={139--147},
  year={2001},
  publisher={NRC Research Press}
}

@article{bailly2011population,
  title={Population genomics of Sinorhizobium medicae based on low-coverage sequencing of sympatric isolates},
  author={Bailly, X. and Giuntini, E. and Sexton, M.C. and Lower, R.P.J. and Harrison, P.W. and Kumar, N. and Young, J.P.W.},
  journal={The ISME journal},
  volume={5},
  number={11},
  pages={1722--1734},
  year={2011},
  publisher={Nature Publishing Group}
}

@article{talebi2008diversity,
  title={Diversity of Sinorhizobium strains nodulating Medicago sativa from different Iranian regions},
  author={Talebi, M.B. and Bahar, M. and Saeidi, G. and Mengoni, A. and Bazzicalupo, M.},
  journal={FEMS microbiology letters},
  volume={288},
  number={1},
  pages={40--46},
  year={2008},
  publisher={Wiley Online Library}
}

@article{trabelsi2010genetic,
  title={Genetic diversity and salt tolerance of Sinorhizobium populations from two Tunisian soils},
  author={Trabelsi, D. and Mengoni, A. and Aouani, M.E. and Bazzicalupo, M. and Mhamdi, R.},
  journal={Annals of microbiology},
  volume={60},
  number={3},
  pages={541--547},
  year={2010},
  publisher={Springer}
}

@article{donini2009genome,
  title={Genome variation in the symbiotic nitrogen-fixing bacterium Sinorhizobium meliloti},
  author={Donini, P.D.P. and Guo, H.G.H. and Sun, S.S.S. and Eardly, B.E.B. and Finan, T.F.T. and Xu, J.X.J.},
  journal={Genome},
  volume={52},
  number={10},
  pages={862--875},
  year={2009},
  publisher={NRC Research Press}
}

@article{epstein2012population,
  title={Population Genomics of the Facultatively Mutualistic Bacteria Sinorhizobium meliloti and S. medicae},
  author={Epstein, B. and Branca, A. and Mudge, J. and Bharti, A.K. and Briskine, R. and Farmer, A.D. and Sugawara, M. and Young, N.D. and Sadowsky, M.J. and Tiffin, P.},
  journal={PLoS Genetics},
  volume={8},
  number={8},
  pages={e1002868},
  year={2012},
  publisher={Public Library of Science}
}

@article{brosch2001evolution,
  title={The evolution of mycobacterial pathogenicity: clues from comparative genomics},
  author={Brosch, R. and Pym, A.S. and Gordon, S.V. and Cole, S.T.},
  journal={Trends in microbiology},
  volume={9},
  number={9},
  pages={452--458},
  year={2001},
  publisher={Elsevier}
}

@article{edwards2002comparative,
  title={Comparative genomics of closely related salmonellae},
  author={Edwards, R.A. and Olsen, G.J. and Maloy, S.R.},
  journal={TRENDS in Microbiology},
  volume={10},
  number={2},
  pages={94--99},
  year={2002},
  publisher={Elsevier}
}

@article{deng2003comparative,
  title={Comparative genomics of Salmonella enterica serovar Typhi strains Ty2 and CT18},
  author={Deng, W. and Liou, S.R. and Plunkett III, G. and Mayhew, G.F. and Rose, D.J. and Burland, V. and Kodoyianni, V. and Schwartz, D.C. and Blattner, F.R.},
  journal={Journal of bacteriology},
  volume={185},
  number={7},
  pages={2330--2337},
  year={2003},
  publisher={Am Soc Microbiol}
}

@article{rasko2008pangenome,
  title={The pangenome structure of Escherichia coli: comparative genomic analysis of E. coli commensal and pathogenic isolates},
  author={Rasko, D.A. and Rosovitz, MJ and Myers, G.S.A. and Mongodin, E.F. and Fricke, W.F. and Gajer, P. and Crabtree, J. and Sebaihia, M. and Thomson, N.R. and Chaudhuri, R. and others},
  journal={Journal of bacteriology},
  volume={190},
  number={20},
  pages={6881--6893},
  year={2008},
  publisher={Am Soc Microbiol}
}

@article{cho2010genomic,
  title={Genomic evolution of< i> Vibrio cholerae</i>},
  author={Cho, Y.J. and Yi, H. and Lee, J.H. and Kim, D.W. and Chun, J.},
  journal={Current opinion in microbiology},
  volume={13},
  number={5},
  pages={646--651},
  year={2010},
  publisher={Elsevier}
}

@article{deng2010probing,
  title={Probing the pan-genome of Listeria monocytogenes: new insights into intraspecific niche expansion and genomic diversification},
  author={Deng, X. and Phillippy, A.M. and Li, Z. and Salzberg, S.L. and Zhang, W.},
  journal={BMC genomics},
  volume={11},
  number={1},
  pages={500},
  year={2010},
  publisher={BioMed Central Ltd}
}

@article{antonio2010comparative,
  title={Comparative genomics of VirR regulons in Clostridium perfringens strains},
  author={Antonio, F. and Alessio, M. and Matteo, B.},
  journal={BMC Microbiology},
  volume={10},
  year={2010}
}

@article{lukjancenko2010comparison,
  title={Comparison of 61 sequenced Escherichia coli genomes},
  author={Lukjancenko, O. and Wassenaar, T.M. and Ussery, D.W.},
  journal={Microbial ecology},
  volume={60},
  number={4},
  pages={708--720},
  year={2010},
  publisher={Springer}
}

@article{corpas2012not,
  title={How Not to Be a Bioinformatician},
  author={Corpas, M. and Fatumo, S. and Schneider, R.},
  journal={Source Code for Biology and Medicine},
  volume={7},
  number={1},
  pages={3},
  year={2012},
  publisher={BioMed Central Ltd}
}

@online{biologPM,
	title = {http://www.biolog.com/products/?product=Phenotype\%20MicroArrays},
 	year = 2012
}

@article{rozen2000primer3,
  title={Primer3 on the WWW for general users and for biologist programmers},
  author={Rozen, S. and Skaletsky, H. and others},
  journal={Methods Mol Biol},
  volume={132},
  number={3},
  pages={365--386},
  year={2000},
  publisher={Springer}
}

@article{pritchard2006genomediagram,
  title={GenomeDiagram: a python package for the visualization of large-scale genomic data},
  author={Pritchard, L. and White, J.A. and Birch, P.R.J. and Toth, I.K.},
  journal={Bioinformatics},
  volume={22},
  number={5},
  pages={616--617},
  year={2006},
  publisher={Oxford Univ Press}
}

@online{contiguator,
	title = {http://bazzigroup.dbe.unifi.it/contiguator/legend.html},
 	year = 2012
}

@online{contiguator2,
	title = {http://bazzigroup.dbe.unifi.it/contiguator/example/},
 	year = 2012
}

@article{bashan2004azospirillum,
  title={Azospirillum-plant relationships: physiological, molecular, agricultural, and environmental advances (1997-2003)},
  author={Bashan, Y. and Holguin, G. and De-Bashan, L.E.},
  journal={Canadian Journal of Microbiology},
  volume={50},
  number={8},
  pages={521--577},
  year={2004},
  publisher={NRC Research Press}
}

@article{frank2011genomes,
  title={The Genomes of Endophytic Bacteria},
  author={Frank, A.C.},
  journal={Endophytes of Forest Trees},
  pages={107--136},
  year={2011},
  publisher={Springer}
}

@article{kim2007clustering,
  title={Clustering orthologous proteins across phylogenetically distant species},
  author={Kim, S. and Kang, J. and Chung, Y.J. and Li, J. and Ryu, K.H.},
  journal={Proteins: Structure, Function, and Bioinformatics},
  volume={71},
  number={3},
  pages={1113--1122},
  year={2007},
  publisher={Wiley Online Library}
}

@article{tamas200250,
  title={50 million years of genomic stasis in endosymbiotic bacteria},
  author={Tamas, I. and Klasson, L. and Canb{\"a}ck, B. and N{\"a}slund, A.K. and Eriksson, A.S. and Wernegreen, J.J. and Sandstr{\"o}m, J.P. and Moran, N.A. and Andersson, S.G.E.},
  journal={Science},
  volume={296},
  number={5577},
  pages={2376--2379},
  year={2002},
  publisher={American Association for the Advancement of Science}
}

@article{rehmsmeier2001phylogenetic,
  title={Phylogenetic information improves homology detection},
  author={Rehmsmeier, M. and Vingron, M.},
  journal={Proteins: Structure, Function, and Bioinformatics},
  volume={45},
  number={4},
  pages={360--371},
  year={2001},
  publisher={Wiley Online Library}
}

@article{qian2003detecting,
  title={Detecting distant homologs using phylogenetic tree-based HMMs},
  author={Qian, B. and Goldstein, R.A.},
  journal={Proteins: Structure, Function, and Bioinformatics},
  volume={52},
  number={3},
  pages={446--453},
  year={2003},
  publisher={Wiley Online Library}
}

@article{qian2004performance,
  title={Performance of an iterated T-HMM for homology detection},
  author={Qian, B. and Goldstein, R.A.},
  journal={Bioinformatics},
  volume={20},
  number={14},
  pages={2175--2180},
  year={2004},
  publisher={Oxford Univ Press}
}

@article{hollich2007pfamalyzer,
  title={PfamAlyzer: domain-centric homology search},
  author={Hollich, V. and Sonnhammer, E.L.L.},
  journal={Bioinformatics},
  volume={23},
  number={24},
  pages={3382--3383},
  year={2007},
  publisher={Oxford Univ Press}
}

@article{meade1982physical,
  title={Physical and genetic characterization of symbiotic and auxotrophic mutants of Rhizobium meliloti induced by transposon Tn5 mutagenesis.},
  author={Meade, H.M. and Long, S.R. and Ruvkun, G.B. and Brown, S.E. and Ausubel, F.M.},
  journal={Journal of Bacteriology},
  volume={149},
  number={1},
  pages={114--122},
  year={1982},
  publisher={Am Soc Microbiol}
}

@article{stiens2008comparative,
  title={Comparative genomic hybridisation and ultrafast pyrosequencing revealed remarkable differences between the Sinorhizobium meliloti genomes of the model strain Rm1021 and the field isolate SM11.},
  author={Stiens, M. and Becker, A. and Bekel, T. and G{\"o}dde, V. and Goesmann, A. and Niehaus, K. and Schneiker-Bekel, S. and Selbitschka, W. and Weidner, S. and Schl{\"u}ter, A. and others},
  journal={Journal of biotechnology},
  volume={136},
  number={1-2},
  pages={31},
  year={2008}
}

@article{beringer1974r,
  title={R factor transfer in Rhizobium leguminosarum},
  author={Beringer, JE},
  journal={Journal of General Microbiology},
  volume={84},
  number={1},
  pages={188--198},
  year={1974},
  publisher={Soc General Microbiol}
}

@article{trabelsi2009development,
  title={Development of real-time PCR assay for detection and quantification of Sinorhizobium meliloti in soil and plant tissue},
  author={Trabelsi, D. and Pini, F. and Aouani, ME and Bazzicalupo, M. and Mengoni, A.},
  journal={Letters in applied microbiology},
  volume={48},
  number={3},
  pages={355--361},
  year={2009},
  publisher={Wiley Online Library}
}

@article{schneiker2011complete,
  title={The complete genome sequence of the dominant< i> Sinorhizobium meliloti</i> field isolate SM11 extends the< i> S. meliloti</i> pan-genome},
  author={Schneiker-Bekel, S. and Wibberg, D. and Bekel, T. and Blom, J. and Linke, B. and Neuweger, H. and Stiens, M. and Vorh{\"o}lter, F.J. and Weidner, S. and Goesmann, A. and others},
  journal={Journal of biotechnology},
  volume={155},
  number={1},
  pages={20--33},
  year={2011},
  publisher={Elsevier}
}

@online{iga,
	title = {http://www.igatechnology.com/},
 	year = 2012
}

@article{bennett2004solexa,
  title={Solexa ltd},
  author={Bennett, S.},
  journal={Pharmacogenomics},
  volume={5},
  number={4},
  pages={433--438},
  year={2004},
  publisher={Future Medicine}
}

@online{fastqc,
	title = {http://www.bioinformatics.babraham.ac.uk/projects/fastqc/},
 	year = 2012
}

@article{bastide2007assembling,
  title={Assembling genomic DNA sequences with PHRAP},
  author={Bastide, M. and McCombie, W.R.},
  journal={Current Protocols in Bioinformatics},
  pages={11--4},
  year={2007},
  publisher={Wiley Online Library}
}

@article{milne2010tablet,
  title={Tablet—next generation sequence assembly visualization},
  author={Milne, I. and Bayer, M. and Cardle, L. and Shaw, P. and Stephen, G. and Wright, F. and Marshall, D.},
  journal={Bioinformatics},
  volume={26},
  number={3},
  pages={401--402},
  year={2010},
  publisher={Oxford Univ Press}
}

@article{lagesen2007rnammer,
  title={RNAmmer: consistent and rapid annotation of ribosomal RNA genes},
  author={Lagesen, K. and Hallin, P. and R{\o}dland, E.A. and St{\ae}rfeldt, H.H. and Rognes, T. and Ussery, D.W.},
  journal={Nucleic Acids Research},
  volume={35},
  number={9},
  pages={3100--3108},
  year={2007},
  publisher={Oxford Univ Press}
}

@article{lowe1997trnascan,
  title={tRNAscan-SE: a program for improved detection of transfer RNA genes in genomic sequence},
  author={Lowe, T.M. and Eddy, S.R.},
  journal={Nucleic acids research},
  volume={25},
  number={5},
  pages={0955--964},
  year={1997},
  publisher={Oxford Univ Press}
}

@article{conesa2005blast2go,
  title={Blast2GO: a universal tool for annotation, visualization and analysis in functional genomics research},
  author={Conesa, A. and G{\"o}tz, S. and Garc{\'\i}a-G{\'o}mez, J.M. and Terol, J. and Tal{\'o}n, M. and Robles, M.},
  journal={Bioinformatics},
  volume={21},
  number={18},
  pages={3674--3676},
  year={2005},
  publisher={Oxford Univ Press}
}

@online{rhizobase,
	title = {http://genome.kazusa.or.jp/rhizobase},
 	year = 2012
}

@article{galardini2011contiguator,
  title={CONTIGuator: a bacterial genomes finishing tool for structural insights on draft genomes},
  author={Galardini, M. and Biondi, E.G. and Bazzicalupo, M. and Mengoni, A. and others},
  journal={Source code for biology and medicine},
  volume={6},
  number={1},
  pages={1--5},
  year={2011},
  publisher={BioMed Central}
}

@article{kislyuk2011genomic,
  title={Genomic fluidity: an integrative view of gene diversity within microbial populations},
  author={Kislyuk, A.O. and Haegeman, B. and Bergman, N.H. and Weitz, J.S.},
  journal={BMC genomics},
  volume={12},
  number={1},
  pages={32},
  year={2011},
  publisher={BioMed Central Ltd}
}

@article{brian12interactive,
  title={Interactive metagenomic visualization in a Web browser},
  author={Brian, O. and Nicholas, B. and Adam, P.},
  journal={BMC Bioinformatics},
  volume={12}
}

@article{edgar2004muscle,
  title={MUSCLE: multiple sequence alignment with high accuracy and high throughput},
  author={Edgar, R.C.},
  journal={Nucleic acids research},
  volume={32},
  number={5},
  pages={1792--1797},
  year={2004},
  publisher={Oxford Univ Press}
}

@article{huelsenbeck2001mrbayes,
  title={MRBAYES: Bayesian inference of phylogenetic trees},
  author={Huelsenbeck, J.P. and Ronquist, F. and others},
  journal={Bioinformatics},
  volume={17},
  number={8},
  pages={754--755},
  year={2001}
}

@article{tamura2011mega5,
  title={MEGA5: molecular evolutionary genetics analysis using maximum likelihood, evolutionary distance, and maximum parsimony methods},
  author={Tamura, K. and Peterson, D. and Peterson, N. and Stecher, G. and Nei, M. and Kumar, S.},
  journal={Molecular biology and evolution},
  volume={28},
  number={10},
  pages={2731--2739},
  year={2011},
  publisher={SMBE}
}

@misc{hammer2001past,
  title={PAST: Paleontological statistics software package for education and data analysis. Paleontol. Electron. 4 (1): 1--9},
  author={Hammer, O. and Harper, DAT and Ryan, PD},
  year={2001}
}

@article{bonnet2002zt,
  title={zt: a software tool for simple and partial Mantel tests},
  author={Bonnet, E. and Van de Peer, Y.},
  journal={Journal of Statistical software},
  volume={7},
  number={10},
  pages={1--12},
  year={2002}
}

@article{yang1997paml,
  title={PAML: a program package for phylogenetic analysis by maximum likelihood},
  author={Yang, Z.},
  journal={Computer applications in the biosciences: CABIOS},
  volume={13},
  number={5},
  pages={555--556},
  year={1997},
  publisher={Oxford Univ Press}
}

@article{massingham2005detecting,
  title={Detecting amino acid sites under positive selection and purifying selection},
  author={Massingham, T. and Goldman, N.},
  journal={Genetics},
  volume={169},
  number={3},
  pages={1753--1762},
  year={2005},
  publisher={Genetics Soc America}
}

@article{boussau2009mixture,
  title={A mixture model and a hidden markov model to simultaneously detect recombination breakpoints and reconstruct phylogenies},
  author={Boussau, B. and Gu{\'e}guen, L. and Gouy, M.},
  journal={Evolutionary bioinformatics online},
  volume={5},
  pages={67},
  year={2009},
  publisher={Libertas Academica}
}

@article{pini2011plant,
  title={Plant-Bacteria Association and Symbiosis: Are There Common Genomic Traits in Alphaproteobacteria?},
  author={Pini, F. and Galardini, M. and Bazzicalupo, M. and Mengoni, A.},
  journal={Genes},
  volume={2},
  number={4},
  pages={1017--1032},
  year={2011},
  publisher={Molecular Diversity Preservation International}
}

@article{darling2004mauve,
  title={Mauve: multiple alignment of conserved genomic sequence with rearrangements},
  author={Darling, A.C.E. and Mau, B. and Blattner, F.R. and Perna, N.T.},
  journal={Genome research},
  volume={14},
  number={7},
  pages={1394--1403},
  year={2004},
  publisher={Cold Spring Harbor Lab}
}

@article{brilli2010diversity,
  title={The diversity and evolution of cell cycle regulation in alpha-proteobacteria: a comparative genomic analysis},
  author={Brilli, M. and Fondi, M. and Fani, R. and Mengoni, A. and Ferri, L. and Bazzicalupo, M. and Biondi, E.G.},
  journal={BMC systems biology},
  volume={4},
  number={1},
  pages={52},
  year={2010},
  publisher={BioMed Central Ltd}
}

@article{biswas2006genomic,
  title={Genomic insights into positive selection},
  author={Biswas, S. and Akey, J.M.},
  journal={TRENDS in Genetics},
  volume={22},
  number={8},
  pages={437--446},
  year={2006},
  publisher={Elsevier}
}

@article{petersen2007genes,
  title={Genes under positive selection in Escherichia coli},
  author={Petersen, L. and Bollback, J.P. and Dimmic, M. and Hubisz, M. and Nielsen, R.},
  journal={Genome research},
  volume={17},
  number={9},
  pages={1336--1343},
  year={2007},
  publisher={Cold Spring Harbor Lab}
}

@article{glazebrook1993rhizobium,
  title={A Rhizobium meliloti homolog of the Escherichia coli peptide-antibiotic transport protein SbmA is essential for bacteroid development.},
  author={Glazebrook, J. and Ichige, A. and Walker, GC},
  journal={Genes \& development},
  volume={7},
  number={8},
  pages={1485--1497},
  year={1993},
  publisher={Cold Spring Harbor Lab}
}

@article{jacob2008mutational,
  title={Mutational analysis of the Sinorhizobium meliloti short-chain dehydrogenase/reductase family reveals substantial contribution to symbiosis and catabolic diversity},
  author={Jacob, A.I. and Adham, S.A.I. and Capstick, D.S. and Clark, S.R.D. and Spence, T. and Charles, T.C.},
  journal={Molecular plant-microbe interactions},
  volume={21},
  number={7},
  pages={979--987},
  year={2008},
  publisher={Am Phytopath Society}
}

@article{jebbar2005ectoine,
  title={Ectoine-induced proteins in Sinorhizobium meliloti include an ectoine ABC-type transporter involved in osmoprotection and ectoine catabolism},
  author={Jebbar, M. and Sohn-B{\"o}sser, L. and Bremer, E. and Bernard, T. and Blanco, C.},
  journal={Journal of bacteriology},
  volume={187},
  number={4},
  pages={1293--1304},
  year={2005},
  publisher={Am Soc Microbiol}
}

@article{rossbach1994molecular,
  title={Molecular and genetic characterization of the rhizopine catabolism (mocABRC) genes of Rhizobium meliloti L5-30},
  author={Rossbach, S. and Kulpa, D.A. and Rossbach, U. and Bruijn, F.J.},
  journal={Molecular and General Genetics MGG},
  volume={245},
  number={1},
  pages={11--24},
  year={1994},
  publisher={Springer}
}

@article{roche1996common,
  title={The common nodABC genes of Rhizobium meliloti are host-range determinants},
  author={Roche, P. and Maillet, F. and Plazanet, C. and Debell{\'e}, F. and Ferro, M. and Truchet, G. and Prom{\'e}, J.C. and D{\'e}nari{\'e}, J.},
  journal={Proceedings of the National Academy of Sciences},
  volume={93},
  number={26},
  pages={15305--15310},
  year={1996},
  publisher={National Acad Sciences}
}

@article{bastiat2010dual,
  title={Dual control of Sinorhizobium meliloti RpoE2 sigma factor activity by two PhyR-type two-component response regulators},
  author={Bastiat, B. and Sauviac, L. and Bruand, C.},
  journal={Journal of bacteriology},
  volume={192},
  number={8},
  pages={2255--2265},
  year={2010},
  publisher={Am Soc Microbiol}
}

@article{finan2001complete,
  title={The complete sequence of the 1,683-kb pSymB megaplasmid from the N2-fixing endosymbiont Sinorhizobium meliloti},
  author={Finan, T.M. and Weidner, S. and Wong, K. and Buhrmester, J. and Chain, P. and Vorh{\"o}lter, F.J. and Hernandez-Lucas, I. and Becker, A. and Cowie, A. and Gouzy, J. and others},
  journal={Proceedings of the National Academy of Sciences},
  volume={98},
  number={17},
  pages={9889--9894},
  year={2001},
  publisher={National Acad Sciences}
}

@article{zeng2006statistical,
  title={Statistical tests for detecting positive selection by utilizing high-frequency variants},
  author={Zeng, K. and Fu, Y.X. and Shi, S. and Wu, C.I.},
  journal={Genetics},
  volume={174},
  number={3},
  pages={1431--1439},
  year={2006},
  publisher={Genetics Soc America}
}

@article{carvunis2012proto,
  title={Proto-genes and de novo gene birth},
  author={Carvunis, A.R. and Rolland, T. and Wapinski, I. and Calderwood, M.A. and Yildirim, M.A. and Simonis, N. and Charloteaux, B. and Hidalgo, C.A. and Barbette, J. and Santhanam, B. and others},
  journal={Nature},
  year={2012},
  publisher={Nature Publishing Group}
}

@article{biondi2011spread,
  title={Spread of the group II intron RmInt1 and its insertion sequence target sites in the plant endosymbiont Sinorhizobium meliloti},
  author={Biondi, E.G. and Toro, N. and Bazzicalupo, M. and Mart{\'\i}nez-Abarca, F.},
  journal={Mobile genetic elements},
  volume={1},
  number={1},
  pages={2--7},
  year={2011},
  publisher={Landes Bioscience}
}

@article{scheibye2009sequence,
  title={Sequence assembly},
  author={Scheibye-Alsing, K. and Hoffmann, S. and Frankel, A. and Jensen, P. and Stadler, P.F. and Mang, Y. and Tommerup, N. and Gilchrist, M.J. and Nyg{\aa}rd, A.B. and Cirera, S. and others},
  journal={Computational biology and chemistry},
  volume={33},
  number={2},
  pages={121--136},
  year={2009},
  publisher={Elsevier}
}

@article{earl2011assemblathon,
  title={Assemblathon 1: A competitive assessment of de novo short read assembly methods},
  author={Earl, D. and Bradnam, K. and John, J.S. and Darling, A. and Lin, D. and Fass, J. and Yu, H.O.K. and Buffalo, V. and Zerbino, D.R. and Diekhans, M. and others},
  journal={Genome research},
  volume={21},
  number={12},
  pages={2224--2241},
  year={2011},
  publisher={Cold Spring Harbor Lab}
}

@article{machado2011phred,
  title={Phred-Phrap package to analyses tools: a pipeline to facilitate population genetics re-sequencing studies},
  author={Machado, M. and Magalhaes, WC and Sene, A. and Ara{\'u}jo, B. and Faria-Campos, A.C. and Chanock, S.J. and Scott, L. and Oliveira, G. and Tarazona-Santos, E. and Rodrigues, M.R. and others},
  journal={Investig Genet},
  volume={2},
  number={1},
  pages={3--3},
  year={2011}
}

@article{treangen2011next,
  title={Next generation sequence assembly with AMOS},
  author={Treangen, T.J. and Sommer, D.D. and Angly, F.E. and Koren, S. and Pop, M.},
  journal={Current Protocols in Bioinformatics},
  pages={11--8},
  year={2011},
  publisher={Wiley Online Library}
}

@article{margulies2005genome,
  title={Genome sequencing in microfabricated high-density picolitre reactors},
  author={Margulies, M. and Egholm, M. and Altman, W.E. and Attiya, S. and Bader, J.S. and Bemben, L.A. and Berka, J. and Braverman, M.S. and Chen, Y.J. and Chen, Z. and others},
  journal={Nature},
  volume={437},
  number={7057},
  pages={376--380},
  year={2005},
  publisher={Nature Publishing Group}
}

@article{romina11complete,
  title={Complete genome sequence of a serotype 11A, ST62 Streptococcus pneumoniae invasive isolate},
  author={Romina, C. and Raoul, B. and Del Grosso Maria, I.M. and Giorgio, C. and Ermanno, R. and Magda, M. and Laura, M. and Francesco, I. and Fabiana, S. and Marco, O. and others},
  journal={BMC Microbiology},
  volume={11}
}

@article{turner2012optical,
  title={Optical mapping and sequencing of the Escherichia coli KO11 genome reveal extensive chromosomal rearrangements, and multiple tandem copies of the Zymomonas mobilispdc and adhB genes},
  author={Turner, P.C. and Yomano, L.P. and Jarboe, L.R. and York, S.W. and Baggett, C.L. and Moritz, B.E. and Zentz, E.B. and Shanmugam, KT and Ingram, L.O.},
  journal={Journal of industrial microbiology \& biotechnology},
  pages={1--11},
  year={2012},
  publisher={Springer}
}

@article{gill2005insights,
  title={Insights on evolution of virulence and resistance from the complete genome analysis of an early methicillin-resistant Staphylococcus aureus strain and a biofilm-producing methicillin-resistant Staphylococcus epidermidis strain},
  author={Gill, S.R. and Fouts, D.E. and Archer, G.L. and Mongodin, E.F. and DeBoy, R.T. and Ravel, J. and Paulsen, I.T. and Kolonay, J.F. and Brinkac, L. and Beanan, M. and others},
  journal={Journal of Bacteriology},
  volume={187},
  number={7},
  pages={2426--2438},
  year={2005},
  publisher={Am Soc Microbiol}
}

@article{van2005projector,
  title={Projector 2: contig mapping for efficient gap-closure of prokaryotic genome sequence assemblies},
  author={van Hijum, S.A.F.T. and Zomer, A.L. and Kuipers, O.P. and Kok, J.},
  journal={Nucleic acids research},
  volume={33},
  number={suppl 2},
  pages={W560--W566},
  year={2005},
  publisher={Oxford Univ Press}
}

@article{boetzer2012toward,
  title={Toward almost closed genomes with GapFiller},
  author={Boetzer, M. and Pirovano, W.},
  journal={Genome Biology},
  volume={13},
  number={6},
  pages={R56},
  year={2012},
  publisher={BioMed Central Ltd}
}

@article{tsai2010improving,
  title={Improving draft assemblies by iterative mapping and assembly of short reads to eliminate gaps},
  author={Tsai, I. and Otto, T. and Berriman, M.},
  journal={Genome biology},
  volume={11},
  number={4},
  pages={R41},
  year={2010},
  publisher={BioMed Central Ltd}
}

%%

@article{grassi2012large,
  title={Large-scale dynamics of horizontal transfers},
  author={Grassi, L. and Grilli, J. and Lagomarsino, M.C.},
  journal={Mobile Genetic Elements},
  volume={2},
  number={3},
  pages={17--16},
  year={2012}
}

@article{mengoni2010plants,
  title={Plants as extreme environments? Ni-resistant bacteria and Ni-hyperaccumulators of serpentine flora},
  author={Mengoni, A. and Schat, H. and Vangronsveld, J.},
  journal={Plant and Soil},
  volume={331},
  number={1},
  pages={5--16},
  year={2010},
  publisher={Springer}
}

@article{lagomarsino2012complex,
  title={Complex refractive index variation in proton-damaged diamond},
  author={Lagomarsino, S. and Olivero, P. and Calusi, S. and Monticone, D.G. and Giuntini, L. and Massi, M. and Sciortino, S. and Sytchkova, A. and Sordini, A. and Vannoni, M.},
  journal={Optics Express},
  volume={20},
  number={17},
  pages={19382--19394},
  year={2012},
  publisher={Optical Society of America}
}

@article{cicuta2012patterns,
  title={Patterns of synchronization in the hydrodynamic coupling of active colloids},
  author={Cicuta, G.M. and Onofri, E. and Lagomarsino, M.C. and Cicuta, P.},
  journal={Physical Review E},
  volume={85},
  number={1},
  pages={016203},
  year={2012},
  publisher={APS}
}

@article{mergeay2006ralstonia,
  title={Ralstonia metallidurans, a bacterium specifically adapted to toxic metals: towards a catalogue of metal-responsive genes},
  author={Mergeay, M. and Monchy, S. and Vallaeys, T. and Auquier, V. and Benotmane, A. and Bertin, P. and Taghavi, S. and Dunn, J. and Lelie, D. and Wattiez, R.},
  journal={FEMS microbiology reviews},
  volume={27},
  number={2-3},
  pages={385--410},
  year={2006},
  publisher={Wiley Online Library}
}

@article{lagomarsino2012moving,
  title={Moving towards universal health coverage: health insurance reforms in nine developing countries in Africa and Asia},
  author={Lagomarsino, G. and Garabrant, A. and Adyas, A. and Muga, R. and Otoo, N.},
  journal={The Lancet},
  volume={380},
  number={9845},
  pages={933--943},
  year={2012},
  publisher={Elsevier}
}

@article{caselle2012horizontal,
  title={Horizontal gene transfers as metagenomic gene duplications},
  author={Caselle, M. and Lercher, M.J. and Lagomarsino, M.C. and others},
  journal={Molecular BioSystems},
  volume={8},
  number={3},
  pages={790--795},
  year={2012},
  publisher={Royal Society of Chemistry}
}

@article{chaintreuil2007nickel,
  title={Nickel resistance determinants in Bradyrhizobium strains from nodules of the endemic New Caledonia legume Serianthes calycina},
  author={Chaintreuil, C. and Rigault, F. and Moulin, L. and Jaffr{\'e}, T. and Fardoux, J. and Giraud, E. and Dreyfus, B. and Bailly, X.},
  journal={Applied and environmental microbiology},
  volume={73},
  number={24},
  pages={8018--8022},
  year={2007},
  publisher={Am Soc Microbiol}
}

@article{dereeper2008phylogeny,
  title={Phylogeny. fr: robust phylogenetic analysis for the non-specialist},
  author={Dereeper, A. and Guignon, V. and Blanc, G. and Audic, S. and Buffet, S. and Chevenet, F. and Dufayard, J.F. and Guindon, S. and Lefort, V. and Lescot, M. and others},
  journal={Nucleic acids research},
  volume={36},
  number={suppl 2},
  pages={W465--W469},
  year={2008},
  publisher={Oxford Univ Press}
}

@article{dereeper2010blast,
  title={BLAST-EXPLORER helps you building datasets for phylogenetic analysis},
  author={Dereeper, A. and Audic, S. and Claverie, J.M. and Blanc, G.},
  journal={BMC evolutionary biology},
  volume={10},
  number={1},
  pages={8},
  year={2010},
  publisher={BioMed Central Ltd}
}

@article{guindon2005phyml,
  title={PHYML Online—a web server for fast maximum likelihood-based phylogenetic inference},
  author={Guindon, S. and Lethiec, F. and Duroux, P. and Gascuel, O.},
  journal={Nucleic acids research},
  volume={33},
  number={suppl 2},
  pages={W557--W559},
  year={2005},
  publisher={Oxford Univ Press}
}

@article{chevenet2006treedyn,
  title={TreeDyn: towards dynamic graphics and annotations for analyses of trees},
  author={Chevenet, F. and Brun, C. and Ba{\~n}uls, A.L. and Jacq, B. and Christen, R.},
  journal={BMC bioinformatics},
  volume={7},
  number={1},
  pages={439},
  year={2006},
  publisher={BioMed Central Ltd}
}

@book{maniatis1989molecular,
  title={Molecular cloning: a laboratory manual/J. Sambrook, EF Fritsch, T. Maniatis},
  author={Maniatis, T.},
  year={1989},
  publisher={New York: Cold Spring Harbor Laboratory Press}
}

@article{skerker2004cell,
  title={Cell-cycle progression and the generation of asymmetry in Caulobacter crescentus},
  author={Skerker, J.M. and Laub, M.T.},
  journal={Nature Reviews Microbiology},
  volume={2},
  number={4},
  pages={325--337},
  year={2004},
  publisher={Nature Publishing Group}
}

@article{ehrhardt1992depolarization,
  title={Depolarization of alfalfa root hair membrane potential by Rhizobium meliloti Nod factors.},
  author={Ehrhardt, D.W. and Atkinson, E.M. and Long, S.R. and others},
  journal={Science (New York, NY)},
  volume={256},
  number={5059},
  pages={998},
  year={1992}
}

@article{moscatelli2012beta,
  title={$\beta$-Glucosidase kinetic parameters as indicators of soil quality under conventional and organic cropping systems applying two analytical approaches},
  author={Moscatelli, MC and Lagomarsino, A. and Garzillo, AMV and Pignataro, A. and Grego, S.},
  journal={Ecological Indicators},
  volume={13},
  number={1},
  pages={322--327},
  year={2012},
  publisher={Elsevier}
}